<?xml version="1.0" encoding="UTF-8"?>
<record xmlns="http://www.loc.gov/MARC21/slim" xmlns:xsi="http://www.w3.org/2001/XMLSchema-instance" xsi:schemaLocation="http://www.loc.gov/MARC21/slim http://www.loc.gov/standards/marcxml/schema/MARC21slim.xsd">
<leader>00000cam a22      a 4500</leader>
<controlfield tag="001">001685784</controlfield>
<controlfield tag="003">NNU</controlfield>
<controlfield tag="005">20141225192116.0</controlfield>
<controlfield tag="008">920910s1950    ua h          000 0 ara d</controlfield>
<datafield tag="035" ind1=" " ind2=" ">
<subfield code="a">(OCoLC)26842787</subfield>
<subfield code="z">(OCoLC)477008963</subfield>
</datafield>
<datafield tag="040" ind1=" " ind2=" ">
<subfield code="a">NYP</subfield>
<subfield code="b">eng</subfield>
<subfield code="c">NYP</subfield>
<subfield code="d">OCL</subfield>
<subfield code="d">OCLCQ</subfield>
<subfield code="d">PAU</subfield>
<subfield code="d">DEBBG</subfield>
<subfield code="d">OCLCA</subfield>
<subfield code="d">OCLCF</subfield>
<subfield code="d">OCLCQ</subfield>
<subfield code="d">NNU</subfield>
</datafield>
<datafield tag="050" ind1=" " ind2="4">
<subfield code="a">PJ7698</subfield>
<subfield code="b">.S9 1950</subfield>
</datafield>
<datafield tag="084" ind1=" " ind2=" ">
<subfield code="a">EN 3050</subfield>
<subfield code="2">rvk</subfield>
</datafield>
<datafield tag="100" ind1="1" ind2=" ">
<subfield code="6">880-01</subfield>
<subfield code="a">ʻAbd Banī al-Ḥasḥās, Suḥaym,</subfield>
<subfield code="d">-approximately 660.</subfield>
</datafield>
<datafield tag="240" ind1="1" ind2="0">
<subfield code="6">880-02</subfield>
<subfield code="a">Poems.</subfield>
<subfield code="f">1950</subfield>
</datafield>
<datafield tag="245" ind1="1" ind2="0">
<subfield code="6">880-03</subfield>
<subfield code="a">Dīwān Suḥaym ʻAbd Banī al-Ḥasḥās /</subfield>
<subfield code="c">bi-taḥqīq ʻAbd al-ʻAzīz al-Maymanī.</subfield>
</datafield>
<datafield tag="260" ind1=" " ind2=" ">
<subfield code="6">880-04</subfield>
<subfield code="a">al-Qāhirah :</subfield>
<subfield code="b">Dār al-Kutub al-Miṣrīyah,</subfield>
<subfield code="c">1950.</subfield>
</datafield>
<datafield tag="300" ind1=" " ind2=" ">
<subfield code="a">70 pages :</subfield>
<subfield code="b">facsimiles ;</subfield>
<subfield code="c">27 cm</subfield>
</datafield>
<datafield tag="336" ind1=" " ind2=" ">
<subfield code="a">text</subfield>
<subfield code="b">txt</subfield>
<subfield code="2">rdacontent</subfield>
</datafield>
<datafield tag="337" ind1=" " ind2=" ">
<subfield code="a">unmediated</subfield>
<subfield code="b">n</subfield>
<subfield code="2">rdamedia</subfield>
</datafield>
<datafield tag="338" ind1=" " ind2=" ">
<subfield code="a">volume</subfield>
<subfield code="b">nc</subfield>
<subfield code="2">rdacarrier</subfield>
</datafield>
<datafield tag="500" ind1=" " ind2=" ">
<subfield code="a">At head of title: Dār al-Kutub al-Miṣrīyah, al-Qism al-Adabī.</subfield>
</datafield>
<datafield tag="500" ind1=" " ind2=" ">
<subfield code="a">Partially vocalized.</subfield>
</datafield>
<datafield tag="650" ind1=" " ind2="0">
<subfield code="a">Arabic poetry</subfield>
<subfield code="y">622-750.</subfield>
</datafield>
<datafield tag="650" ind1=" " ind2="7">
<subfield code="a">Arabic poetry.</subfield>
<subfield code="2">fast</subfield>
<subfield code="0">(OCoLC)fst00812533</subfield>
</datafield>
<datafield tag="648" ind1=" " ind2="7">
<subfield code="a">622 - 750</subfield>
<subfield code="2">fast</subfield>
</datafield>
<datafield tag="700" ind1="1" ind2=" ">
<subfield code="a">Rājkūtī, ʻAbd al-ʻAzīz al-Maymanī</subfield>
<subfield code="6">880-05</subfield>
</datafield>
<datafield tag="776" ind1="0" ind2="8">
<subfield code="i">Online version:</subfield>
<subfield code="a">ʻAbd Banī al-Ḥasḥās, Suḥaym, -approximately 660.</subfield>
<subfield code="s">Poems. 1950.</subfield>
<subfield code="t">Dīwān Suḥaym ʻAbd Banī al-Ḥasḥās.</subfield>
<subfield code="d">al-Qāhirah : Dār al-Kutub al-Miṣrīyah, 1950</subfield>
<subfield code="w">(OCoLC)623950166</subfield>
</datafield>
<datafield tag="880" ind1="1" ind2=" ">
<subfield code="6">100-01/</subfield>
<subfield code="a">عبد بني الحسحاس، سحيم،</subfield>
<subfield code="d">-approximately 660.</subfield>
</datafield>
<datafield tag="880" ind1="1" ind2="0">
<subfield code="6">240-02/</subfield>
<subfield code="a">شعر.</subfield>
<subfield code="f">1950</subfield>
</datafield>
<datafield tag="880" ind1="1" ind2="0">
<subfield code="6">245-03/</subfield>
<subfield code="a">ديوان سحيم عبد بني الحسحاس /</subfield>
<subfield code="c">بتحقيق عبد العزيز الميمني.</subfield>
</datafield>
<datafield tag="880" ind1=" " ind2=" ">
<subfield code="6">260-04/</subfield>
<subfield code="a">القاهرة :</subfield>
<subfield code="b">دار الكتب المصرية،</subfield>
<subfield code="c">1950.</subfield>
</datafield>
<datafield tag="880" ind1="1" ind2=" ">
<subfield code="6">700-05/</subfield>
<subfield code="a">راجكوتي، عبد العزيز الميمني.</subfield>
</datafield>
<datafield tag="OWN" ind1=" " ind2=" ">
<subfield code="a">GENERAL</subfield>
</datafield>
<datafield tag="AVA" ind1=" " ind2=" ">
<subfield code="a">NYU50</subfield>
<subfield code="b">BOBST</subfield>
<subfield code="c">Main Collection</subfield>
<subfield code="d">PJ7698.S9 D5 1950</subfield>
<subfield code="e">unavailable</subfield>
<subfield code="t">Unavailable</subfield>
<subfield code="f">1</subfield>
<subfield code="g">1</subfield>
<subfield code="h">N</subfield>
<subfield code="i">1</subfield>
<subfield code="j">MAIN</subfield>
<subfield code="k">0</subfield>
</datafield>
</record>
